@preamble{
   "\def\cprime{$'$} "
}

@article {MR3368081,
    AUTHOR = {Guralnick, Robert and Malle, Gunter},
     TITLE = {Products and commutators of classes in algebraic groups},
   JOURNAL = {Math. Ann.},
  FJOURNAL = {Mathematische Annalen},
    VOLUME = {362},
      YEAR = {2015},
    NUMBER = {3-4},
     PAGES = {743--771},
      ISSN = {0025-5831},
   MRCLASS = {20G15 (20E32 20E45 20G07)},
  MRNUMBER = {3368081},
MRREVIEWER = {B. Sury},
       DOI = {10.1007/s00208-014-1128-1},
       URL = {https://doi.org/10.1007/s00208-014-1128-1},
}
		
@article {MR3003939,
    AUTHOR = {Guralnick, Robert M. and Malle, Gunter and Tiep, Pham Huu},
     TITLE = {Products of conjugacy classes in finite and algebraic simple
              groups},
   JOURNAL = {Adv. Math.},
  FJOURNAL = {Advances in Mathematics},
    VOLUME = {234},
      YEAR = {2013},
     PAGES = {618--652},
      ISSN = {0001-8708},
   MRCLASS = {20E45 (20D06 20G15)},
  MRNUMBER = {3003939},
MRREVIEWER = {Timothy C. Burness},
       DOI = {10.1016/j.aim.2012.11.005},
       URL = {https://doi.org/10.1016/j.aim.2012.11.005},
}
		
@article {MR2833479,
    AUTHOR = {Guralnick, Robert and Malle, Gunter},
     TITLE = {Products of conjugacy classes and fixed point spaces},
   JOURNAL = {J. Amer. Math. Soc.},
  FJOURNAL = {Journal of the American Mathematical Society},
    VOLUME = {25},
      YEAR = {2012},
    NUMBER = {1},
     PAGES = {77--121},
      ISSN = {0894-0347},
   MRCLASS = {20D05 (20C20 20E45)},
  MRNUMBER = {2833479},
MRREVIEWER = {Hung Ngoc Nguyen},
       DOI = {10.1090/S0894-0347-2011-00709-1},
       URL = {https://doi.org/10.1090/S0894-0347-2011-00709-1},
}

@book {MR783067,
     TITLE = {Products of conjugacy classes in groups},
    SERIES = {Lecture Notes in Mathematics},
    VOLUME = {1112},
    EDITOR = {Arad, Z. and Herzog, M.},
 PUBLISHER = {Springer-Verlag, Berlin},
      YEAR = {1985},
     PAGES = {i+244},
      ISBN = {3-540-13916-8},
   MRCLASS = {20-02 (03C60)},
  MRNUMBER = {783067},
MRREVIEWER = {J. L. Brenner},
       DOI = {10.1007/BFb0072284},
       URL = {https://doi.org/10.1007/BFb0072284},
}

@article {MR1254833,
    AUTHOR = {Blau, Harvey I.},
     TITLE = {A fixed-point theorem for central elements in quasisimple
              groups},
   JOURNAL = {Proc. Amer. Math. Soc.},
  FJOURNAL = {Proceedings of the American Mathematical Society},
    VOLUME = {122},
      YEAR = {1994},
    NUMBER = {1},
     PAGES = {79--84},
      ISSN = {0002-9939},
   MRCLASS = {20D05 (20C25)},
  MRNUMBER = {1254833},
MRREVIEWER = {Richard Lyons},
       DOI = {10.2307/2160844},
       URL = {https://doi.org/10.2307/2160844},
}

@book {MR1721031,
    AUTHOR = {Cameron, Peter J.},
     TITLE = {Permutation groups},
    SERIES = {London Mathematical Society Student Texts},
    VOLUME = {45},
 PUBLISHER = {Cambridge University Press, Cambridge},
      YEAR = {1999},
     PAGES = {x+220},
      ISBN = {0-521-65302-9; 0-521-65378-9},
   MRCLASS = {20B40},
  MRNUMBER = {1721031},
MRREVIEWER = {Miguel \'{A}. Borges-Trenard},
       DOI = {10.1017/CBO9780511623677},
       URL = {https://doi.org/10.1017/CBO9780511623677},
}

@article {MR4334981,
    AUTHOR = {Gardam, Giles},
     TITLE = {A counterexample to the unit conjecture for group rings},
   JOURNAL = {Ann. of Math. (2)},
  FJOURNAL = {Annals of Mathematics. Second Series},
    VOLUME = {194},
      YEAR = {2021},
    NUMBER = {3},
     PAGES = {967--979},
      ISSN = {0003-486X},
   MRCLASS = {20C07},
  MRNUMBER = {4334981},
       DOI = {10.4007/annals.2021.194.3.9},
       URL = {https://doi.org/10.4007/annals.2021.194.3.9},
}

@article {MR2317113,
    AUTHOR = {Yamane, Hiroyuki},
     TITLE = {Representations of a {$\Bbb Z/3\Bbb Z$}-quantum group},
   JOURNAL = {Publ. Res. Inst. Math. Sci.},
  FJOURNAL = {Kyoto University. Research Institute for Mathematical
              Sciences. Publications},
    VOLUME = {43},
      YEAR = {2007},
    NUMBER = {1},
     PAGES = {75--93},
      ISSN = {0034-5318},
   MRCLASS = {17B37 (17B10)},
  MRNUMBER = {2317113},
MRREVIEWER = {Istv\'an Heckenberger},
       URL = {http://projecteuclid.org/euclid.prims/1199403808},
}

@article {MR1240362,
    AUTHOR = {Lam, T. Y. and Leep, David B.},
     TITLE = {Combinatorial structure on the automorphism group of {$S_6$}},
   JOURNAL = {Exposition. Math.},
  FJOURNAL = {Expositiones Mathematicae. International Journal for Pure and
              Applied Mathematics},
    VOLUME = {11},
      YEAR = {1993},
    NUMBER = {4},
     PAGES = {289--308},
      ISSN = {0723-0869},
   MRCLASS = {20B30 (20D45)},
  MRNUMBER = {1240362},
MRREVIEWER = {Michael Klemm},
}

@incollection {MR0178056,
    AUTHOR = {Brauer, Richard},
     TITLE = {Representations of finite groups},
 BOOKTITLE = {Lectures on {M}odern {M}athematics, {V}ol. {I}},
     PAGES = {133--175},
 PUBLISHER = {Wiley, New York},
      YEAR = {1963},
   MRCLASS = {20.80},
  MRNUMBER = {0178056},
}

@article {MR2875589,
    AUTHOR = {Camina, A. R. and Camina, R. D.},
     TITLE = {The influence of conjugacy class sizes on the structure of
              finite groups: a survey},
   JOURNAL = {Asian-Eur. J. Math.},
  FJOURNAL = {Asian-European Journal of Mathematics},
    VOLUME = {4},
      YEAR = {2011},
    NUMBER = {4},
     PAGES = {559--588},
      ISSN = {1793-5571},
   MRCLASS = {20-02 (20D40 20E45)},
  MRNUMBER = {2875589},
       DOI = {10.1142/S1793557111000459},
       URL = {http://dx.doi.org/10.1142/S1793557111000459},
}
		
@article {MR2228630,
    AUTHOR = {Camina, A. R. and Camina, R. D.},
     TITLE = {Recognising nilpotent groups},
   JOURNAL = {J. Algebra},
  FJOURNAL = {Journal of Algebra},
    VOLUME = {300},
      YEAR = {2006},
    NUMBER = {1},
     PAGES = {16--24},
      ISSN = {0021-8693},
   MRCLASS = {20D15 (20E45 20F18)},
  MRNUMBER = {2228630},
MRREVIEWER = {Martyn R. Dixon},
       DOI = {10.1016/j.jalgebra.2005.10.014},
       URL = {http://dx.doi.org/10.1016/j.jalgebra.2005.10.014},
}

@article {MR3225128,
    AUTHOR = {Navarro, Gabriel and Rizo, Noelia},
     TITLE = {Nilpotent and perfect groups with the same set of character
              degrees},
   JOURNAL = {J. Algebra Appl.},
  FJOURNAL = {Journal of Algebra and its Applications},
    VOLUME = {13},
      YEAR = {2014},
    NUMBER = {8},
     PAGES = {1450061, 3},
      ISSN = {0219-4988},
   MRCLASS = {20C15 (20D15)},
  MRNUMBER = {3225128},
MRREVIEWER = {Thomas Philip Wakefield},
       DOI = {10.1142/S0219498814500613},
       URL = {http://dx.doi.org/10.1142/S0219498814500613},
}

@article {MR3210919,
    AUTHOR = {Navarro, Gabriel},
     TITLE = {The set of conjugacy class sizes of a finite group does not
              determine its solvability},
   JOURNAL = {J. Algebra},
  FJOURNAL = {Journal of Algebra},
    VOLUME = {411},
      YEAR = {2014},
     PAGES = {47--49},
      ISSN = {0021-8693},
   MRCLASS = {20C15},
  MRNUMBER = {3210919},
       DOI = {10.1016/j.jalgebra.2014.04.012},
       URL = {http://dx.doi.org/10.1016/j.jalgebra.2014.04.012},
}
@article{MR2132760,
    AUTHOR = {Rump, Wolfgang},
     TITLE = {A decomposition theorem for square-free unitary solutions of
              the quantum {Y}ang-{B}axter equation},
   JOURNAL = {Adv. Math.},
  FJOURNAL = {Advances in Mathematics},
    VOLUME = {193},
      YEAR = {2005},
    NUMBER = {1},
     PAGES = {40--55},
      ISSN = {0001-8708},
     CODEN = {ADMTA4},
   MRCLASS = {81R50 (16W35 81R12)},
  MRNUMBER = {2132760 (2005k:81132)},
MRREVIEWER = {Mitsuhiro Takeuchi},
       DOI = {10.1016/j.aim.2004.03.019},
       URL = {http://dx.doi.org/10.1016/j.aim.2004.03.019},
}

@article {MR1722951,
    AUTHOR = {Etingof, Pavel and Schedler, Travis and Soloviev, Alexandre},
     TITLE = {Set-theoretical solutions to the quantum {Y}ang-{B}axter
              equation},
   JOURNAL = {Duke Math. J.},
  FJOURNAL = {Duke Mathematical Journal},
    VOLUME = {100},
      YEAR = {1999},
    NUMBER = {2},
     PAGES = {169--209},
      ISSN = {0012-7094},
     CODEN = {DUMJAO},
   MRCLASS = {16W35 (81R50)},
  MRNUMBER = {1722951 (2001c:16076)},
MRREVIEWER = {E. J. Taft},
       DOI = {10.1215/S0012-7094-99-10007-X},
       URL = {http://dx.doi.org/10.1215/S0012-7094-99-10007-X},
}

@incollection {MR1183474,
    AUTHOR = {Drinfel{\cprime}d, V. G.},
     TITLE = {On some unsolved problems in quantum group theory},
 BOOKTITLE = {Quantum groups ({L}eningrad, 1990)},
    SERIES = {Lecture Notes in Math.},
    VOLUME = {1510},
     PAGES = {1--8},
 PUBLISHER = {Springer, Berlin},
      YEAR = {1992},
   MRCLASS = {17B37 (16W30 81R50)},
  MRNUMBER = {1183474 (94a:17006)},
MRREVIEWER = {Yvette Kosmann-Schwarzbach},
       DOI = {10.1007/BFb0101175},
       URL = {http://dx.doi.org/10.1007/BFb0101175},
}

@article {MR1994219,
    AUTHOR = {Andruskiewitsch, Nicol{\'a}s and Gra{\~n}a, Mat{\'{\i}}as},
     TITLE = {From racks to pointed {H}opf algebras},
   JOURNAL = {Adv. Math.},
  FJOURNAL = {Advances in Mathematics},
    VOLUME = {178},
      YEAR = {2003},
    NUMBER = {2},
     PAGES = {177--243},
      ISSN = {0001-8708},
     CODEN = {ADMTA4},
   MRCLASS = {16W30 (17B37 57M27)},
  MRNUMBER = {1994219 (2004i:16046)},
MRREVIEWER = {Ian M. Musson},
       DOI = {10.1016/S0001-8708(02)00071-3},
       URL = {http://dx.doi.org/10.1016/S0001-8708(02)00071-3},
}
@book {MR1330458,
    AUTHOR = {Coxeter, H. S. M.},
     TITLE = {Kaleidoscopes},
    SERIES = {Canadian Mathematical Society Series of Monographs and
              Advanced Texts},
      NOTE = {Selected writings of H. S. M. Coxeter,
              Edited by F. Arthur Sherk, Peter McMullen, Anthony C. Thompson
              and Asia Ivi{\'c} Weiss,
              A Wiley-Interscience Publication},
 PUBLISHER = {John Wiley \& Sons, Inc., New York},
      YEAR = {1995},
     PAGES = {xxxii+439},
      ISBN = {0-471-01003-0},
   MRCLASS = {01A75 (20F55 20H15 51F15 52B15)},
  MRNUMBER = {1330458 (96f:01041)},
MRREVIEWER = {Egon Schulte},
}

@book {MR1954121,
    AUTHOR = {Serre, Jean-Pierre},
     TITLE = {Trees},
    SERIES = {Springer Monographs in Mathematics},
      NOTE = {Translated from the French original by John Stillwell,
              Corrected 2nd printing of the 1980 English translation},
 PUBLISHER = {Springer-Verlag, Berlin},
      YEAR = {2003},
     PAGES = {x+142},
      ISBN = {3-540-44237-5},
   MRCLASS = {20E08 (05C05 20E06 20G25)},
  MRNUMBER = {1954121},
}

@incollection {MR2478410,
    AUTHOR = {Morse, Robert Fitzgerald},
     TITLE = {On the application of computational group theory to the theory
              of groups},
 BOOKTITLE = {Computational group theory and the theory of groups},
    SERIES = {Contemp. Math.},
    VOLUME = {470},
     PAGES = {1--19},
 PUBLISHER = {Amer. Math. Soc., Providence, RI},
      YEAR = {2008},
   MRCLASS = {20-04 (20-02 20D99 20F05 20F45)},
  MRNUMBER = {2478410},
MRREVIEWER = {D. F. Holt},
       URL = {https://doi.org/10.1090/conm/470/09182},
}
@incollection{MR2106930,
    AUTHOR = {Majid, Shahn},
     TITLE = {Noncommutative differentials and {Y}ang-{M}ills on permutation
              groups {$S_n$}},
 BOOKTITLE = {Hopf algebras in noncommutative geometry and physics},
    SERIES = {Lecture Notes in Pure and Appl. Math.},
    VOLUME = {239},
     PAGES = {189--213},
 PUBLISHER = {Dekker, New York},
      YEAR = {2005},
   MRCLASS = {58B32 (16W35)},
  MRNUMBER = {2106930},
MRREVIEWER = {Volodymyr V. Lyubashenko},
}
@incollection {MR1800714,
    AUTHOR = {Milinski, Alexander and Schneider, Hans-J\"urgen},
     TITLE = {Pointed indecomposable {H}opf algebras over {C}oxeter groups},
 BOOKTITLE = {New trends in {H}opf algebra theory ({L}a {F}alda, 1999)},
    SERIES = {Contemp. Math.},
    VOLUME = {267},
     PAGES = {215--236},
 PUBLISHER = {Amer. Math. Soc., Providence, RI},
      YEAR = {2000},
   MRCLASS = {16W30 (20F55)},
  MRNUMBER = {1800714},
MRREVIEWER = {Sonia Natale},
       URL = {https://doi.org/10.1090/conm/267/04272},
}

@incollection{MR1667680,
    AUTHOR = {Fomin, Sergey and Kirillov, Anatol N.},
     TITLE = {Quadratic algebras, {D}unkl elements, and {S}chubert calculus},
 BOOKTITLE = {Advances in geometry},
    SERIES = {Progr. Math.},
    VOLUME = {172},
     PAGES = {147--182},
 PUBLISHER = {Birkh\"auser Boston, Boston, MA},
      YEAR = {1999},
   MRCLASS = {05E15 (14M15)},
  MRNUMBER = {1667680 (2001a:05152)},
MRREVIEWER = {Tadeusz J{\'o}zefiak},
}


@book {MR1786869,
    AUTHOR = {de la Harpe, Pierre},
     TITLE = {Topics in geometric group theory},
    SERIES = {Chicago Lectures in Mathematics},
 PUBLISHER = {University of Chicago Press, Chicago, IL},
      YEAR = {2000},
     PAGES = {vi+310},
      ISBN = {0-226-31719-6; 0-226-31721-8},
   MRCLASS = {20F65 (20F69 57M07)},
  MRNUMBER = {1786869 (2001i:20081)},
MRREVIEWER = {Lee Mosher},
}
@incollection {MR1732210,
    AUTHOR = {Miller, III, Charles F. and Schupp, Paul E.},
     TITLE = {Some presentations of the trivial group},
 BOOKTITLE = {Groups, languages and geometry ({S}outh {H}adley, {MA}, 1998)},
    SERIES = {Contemp. Math.},
    VOLUME = {250},
     PAGES = {113--115},
 PUBLISHER = {Amer. Math. Soc., Providence, RI},
      YEAR = {1999},
   MRCLASS = {20F05},
  MRNUMBER = {1732210 (2000k:20038)},
MRREVIEWER = {Colin M. Campbell},
       DOI = {10.1090/conm/250/03848},
       URL = {http://dx.doi.org/10.1090/conm/250/03848},
}
@article {MR1573427,
    AUTHOR = {Brennan, Michael and Machale, Des},
     TITLE = {Variations on a {T}heme: {$A_4$} {D}efinitely {H}as no
              {S}ubgroup of {O}rder {S}ix!},
   JOURNAL = {Math. Mag.},
  FJOURNAL = {Mathematics Magazine},
    VOLUME = {73},
      YEAR = {2000},
    NUMBER = {1},
     PAGES = {36--40},
      ISSN = {0025-570X},
     CODEN = {MAMGA8},
   MRCLASS = {Contributed Item},
  MRNUMBER = {1573427},
       URL = {http://www.jstor.org/stable/2691487?origin=pubexport},
}

@article {MR673806,
    AUTHOR = {Guralnick, Robert M.},
     TITLE = {Commutators and commutator subgroups},
   JOURNAL = {Adv. in Math.},
  FJOURNAL = {Advances in Mathematics},
    VOLUME = {45},
      YEAR = {1982},
    NUMBER = {3},
     PAGES = {319--330},
      ISSN = {0001-8708},
     CODEN = {ADMTA4},
   MRCLASS = {20F12},
  MRNUMBER = {673806 (84b:20041)},
MRREVIEWER = {N. D. Gupta},
       DOI = {10.1016/S0001-8708(82)80008-X},
       URL = {http://dx.doi.org/10.1016/S0001-8708(82)80008-X},
}
@article {MR605275,
    AUTHOR = {MacHale, Desmond},
     TITLE = {Minimum counterexamples in group theory},
   JOURNAL = {Math. Mag.},
  FJOURNAL = {Mathematics Magazine},
    VOLUME = {54},
      YEAR = {1981},
    NUMBER = {1},
     PAGES = {23--28},
      ISSN = {0025-570X},
     CODEN = {MAMGA8},
   MRCLASS = {20A05},
  MRNUMBER = {605275 (82a:20003)},
       DOI = {10.2307/2689377},
       URL = {http://dx.doi.org/10.2307/2689377},
}
		
@book{MR0075938,
    AUTHOR = {Carmichael, Robert D.},
     TITLE = {Introduction to the theory of groups of finite order},
 PUBLISHER = {Dover Publications, Inc., New York},
      YEAR = {1956},
     PAGES = {xiv+447},
   MRCLASS = {20.0X},
  MRNUMBER = {0075938 (17,823a)},
}

@article{MR1438670,
    AUTHOR = {Mackiw, George},
     TITLE = {Finite groups of {$2\times 2$} integer matrices},
   JOURNAL = {Math. Mag.},
  FJOURNAL = {Mathematics Magazine},
    VOLUME = {69},
      YEAR = {1996},
    NUMBER = {5},
     PAGES = {356--361},
      ISSN = {0025-570X},
     CODEN = {MAMGA8},
   MRCLASS = {20G30},
  MRNUMBER = {1438670},
       DOI = {10.2307/2691281},
       URL = {http://dx.doi.org/10.2307/2691281},
}

@article {MR2256391,
    AUTHOR = {Eick, Bettina and M\"{u}ller, J\"{u}rgen},
     TITLE = {On {$p$}-groups forming {B}rauer pairs},
   JOURNAL = {J. Algebra},
  FJOURNAL = {Journal of Algebra},
    VOLUME = {304},
      YEAR = {2006},
    NUMBER = {1},
     PAGES = {286--303},
      ISSN = {0021-8693},
   MRCLASS = {20D15},
  MRNUMBER = {2256391},
MRREVIEWER = {Andrea Previtali},
       DOI = {10.1016/j.jalgebra.2005.08.021},
       URL = {https://doi.org/10.1016/j.jalgebra.2005.08.021},
}

@book {MR1307623,
    AUTHOR = {Rotman, Joseph J.},
     TITLE = {An introduction to the theory of groups},
    SERIES = {Graduate Texts in Mathematics},
    VOLUME = {148},
   EDITION = {Fourth},
 PUBLISHER = {Springer-Verlag, New York},
      YEAR = {1995},
     PAGES = {xvi+513},
      ISBN = {0-387-94285-8},
   MRCLASS = {20-01},
  MRNUMBER = {1307623},
MRREVIEWER = {Ronald Solomon},
       DOI = {10.1007/978-1-4612-4176-8},
       URL = {https://doi.org/10.1007/978-1-4612-4176-8},
}

@book {MR2426855,
    AUTHOR = {Isaacs, I. Martin},
     TITLE = {Finite group theory},
    SERIES = {Graduate Studies in Mathematics},
    VOLUME = {92},
 PUBLISHER = {American Mathematical Society, Providence, RI},
      YEAR = {2008},
     PAGES = {xii+350},
      ISBN = {978-0-8218-4344-4},
   MRCLASS = {20Dxx (20-01)},
  MRNUMBER = {2426855},
MRREVIEWER = {Ronald Solomon},
       DOI = {10.1090/gsm/092},
       URL = {https://doi.org/10.1090/gsm/092},
}

@book {MR2680716,
    AUTHOR = {Lux, Klaus and Pahlings, Herbert},
     TITLE = {Representations of groups},
    SERIES = {Cambridge Studies in Advanced Mathematics},
    VOLUME = {124},
      NOTE = {A computational approach},
 PUBLISHER = {Cambridge University Press, Cambridge},
      YEAR = {2010},
     PAGES = {x+460},
      ISBN = {978-0-521-76807-8},
   MRCLASS = {20C15 (20C20)},
  MRNUMBER = {2680716},
MRREVIEWER = {Shigeo Koshitani},
       DOI = {10.1017/CBO9780511750915},
       URL = {https://doi.org/10.1017/CBO9780511750915},
}
@article {MR3289286,
    AUTHOR = {Malle, Gunter},
     TITLE = {The proof of {O}re's conjecture (after {E}llers-{G}ordeev and
              {L}iebeck-{O}'{B}rien-{S}halev-{T}iep)},
   JOURNAL = {Ast\'{e}risque},
  FJOURNAL = {Ast\'{e}risque},
    NUMBER = {361},
      YEAR = {2014},
     PAGES = {Exp. No. 1069, ix, 325--348},
      ISSN = {0303-1179},
      ISBN = {978-285629-785-8},
   MRCLASS = {20D05 (20F12)},
  MRNUMBER = {3289286},
MRREVIEWER = {Ronald Solomon},
}

@article {MR170957,
    AUTHOR = {Dade, E. C.},
     TITLE = {Answer to a question of {R}. {B}rauer},
   JOURNAL = {J. Algebra},
  FJOURNAL = {Journal of Algebra},
    VOLUME = {1},
      YEAR = {1964},
     PAGES = {1--4},
      ISSN = {0021-8693},
   MRCLASS = {20.80},
  MRNUMBER = {170957},
MRREVIEWER = {K. W. Gruenberg},
       DOI = {10.1016/0021-8693(64)90002-X},
       URL = {https://doi.org/10.1016/0021-8693(64)90002-X},
}

@article {MR974014,
    AUTHOR = {Feit, Walter and Seitz, Gary M.},
     TITLE = {On finite rational groups and related topics},
   JOURNAL = {Illinois J. Math.},
  FJOURNAL = {Illinois Journal of Mathematics},
    VOLUME = {33},
      YEAR = {1989},
    NUMBER = {1},
     PAGES = {103--131},
      ISSN = {0019-2082},
   MRCLASS = {20C15},
  MRNUMBER = {974014},
MRREVIEWER = {Roderick Gow},
       URL = {http://projecteuclid.org/euclid.ijm/1255988808},
}

@article {MR2045411,
    AUTHOR = {Guralnick, Robert M. and Malle, Gunter and Navarro, Gabriel},
     TITLE = {Self-normalizing {S}ylow subgroups},
   JOURNAL = {Proc. Amer. Math. Soc.},
  FJOURNAL = {Proceedings of the American Mathematical Society},
    VOLUME = {132},
      YEAR = {2004},
    NUMBER = {4},
     PAGES = {973--979},
      ISSN = {0002-9939},
   MRCLASS = {20D20 (20D05)},
  MRNUMBER = {2045411},
MRREVIEWER = {Hiroyoshi Yamaki},
       DOI = {10.1090/S0002-9939-03-07161-2},
       URL = {https://doi.org/10.1090/S0002-9939-03-07161-2},
}
